@book{bertsekas1989, 
  title = {{Parallel and distributed computation: numerical methods}}, 
  author = {Bertsekas, Dimitri P and Tsitsiklis, John N}, 
  read = {false}, 
  year = {1989}
}
